@paper{actor,
title={A Universal Modular ACTOR Formalism for Artificial Intelligence},
author={Carl Hewitt,Peter Bishop,Richard Steiger},
journal={Artrficial Intellience},
year={1973}
}

@article{meta,
author = {Hewitt, Carl and Bishop, Peter and Greif, Irene and Smith, Brian and Matson, Todd and Steiger, Richard},
year = {1973},
month = {10},
pages = {153-168},
title = {Actor induction and meta-evaluation},
doi = {10.1145/512927.512942}
}

@article{actoralgebra,
author={Mauro Gaspari, Gianluigi Zvattaro},
title={An Algebra of Actor}
}


@article{picalcu,
title={A Comparative Introduction to CSP, CCS and LOTOS},
author={Colin Fidge}
}

@article{historyofpi,
title={A brief history of process algebra},
author={J.C.M. Baeten}
}

@misc{actix,
title={Actix.rs},
author={Nikolay Kim},
url={https://actix.rs}
}

@misc{bm,
author={techempower},
title={Web Framework Benchmarks},
url={https://www.techempower.com/benchmarks/#section=data-r17&hw=ph&test=query}
}

@misc{actixbook,
author={Nikolay Kim},
title={actix book},
url={https://actix.rs/book/actix/sec-1-getting-started.html}
}